<?xml version="1.0" encoding="UTF-8"?><collection xmlns="http://www.loc.gov/MARC21/slim"><record><leader>00420nam--2200145-i-4500</leader><controlfield tag="001">000029886</controlfield><controlfield tag="002">20161230</controlfield><controlfield tag="005">20161230201037</controlfield><controlfield tag="008">060222s1000------------r-----000-0-eng-d</controlfield><datafield ind1=" " ind2=" " tag="080"><subfield code="a">621.37.029.6</subfield></datafield><datafield ind1=" " ind2=" " tag="100"><subfield code="a">Kurokawa, K</subfield></datafield><datafield ind1=" " ind2=" " tag="245"><subfield code="a">An introduction to the theory of microwave circuits</subfield></datafield><datafield ind1=" " ind2=" " tag="260"><subfield code="a">New York, Academic Press, 1969. Xi+434p</subfield></datafield><datafield ind1=" " ind2=" " tag="490"><subfield code="a">Electrical Science-a Series Of Monographs And Texts</subfield></datafield><datafield ind1=" " ind2=" " tag="852"><subfield code="a">31840</subfield></datafield></record></collection>